%%%%%%%%%%%%%%%%%%%%%%%%%%%%%%
% Bibtex Exported from VisualBib
% http://visualBib.uniud.it/
%
% Created on: Sep 24, 2019
%
% Project_Title: Serdar Balci MD Pathologist
%%%%%%%%%%%%%%%%%%%%%%%%%%%%%%

@article{10.1097/mpa.0b013e318201c935,
 author={Balci Serdar and Basturk Olca and Singh Rajendra and Kaygusuz Ecmel and Dursun Nevra and Culhaci Nil and Adsay N. Volkan},
 title={GLUT-1 Expression in Pancreatic Neoplasia},
 authordata={O:0000-0002-7852-3851,I:8,I:53,I:54,I:55,I:56,I:35},
 doi={10.1097/mpa.0b013e318201c935},
 url={https://w3id.org/oc/corpus/br/8118532},
 topics={},
 year={2011},
 source={OpenCitations}
}

@article{10.1053/j.semdp.2012.08.010,
 author={Roa Juan Carlos and Balci Serdar and Adsay N. Volkan and Bagci Pelin and Tajiri Takuma and Oliva Irma and Ohike Nobuyuki and Gonzalez Raul S. and Basturk Olca and Jang Kee-Taek},
 title={Pathologic staging of pancreatic, ampullary, biliary, and gallbladder cancers: pitfalls and practical limitations of the current AJCC/UICC TNM staging system and opportunities for improvement},
 authordata={O:0000-0001-8313-8774,O:0000-0002-7852-3851,I:35,I:3,I:4,I:5,I:101,I:7,I:8,I:9},
 doi={10.1053/j.semdp.2012.08.010},
 url={https://w3id.org/oc/corpus/br/1932816},
 topics={},
 year={2012},
 source={OpenCitations}
}

@article{10.1038/modpathol.2012.37,
 author={Balci Serdar and Guler Gulnur and Costinean Stefan and Ussakli Cigdem Himmetoglu and Irkkan Cigdem and Suren Dinc and Sari Ebru and Altundag Kadri and Ozisik Yavuz and Jones Susie and Bacher Jason and Shapiro Charles L and Huebner Kay},
 title={Stem cell-related markers in primary breast cancers and associated metastatic lesions},
 authordata={O:0000-0002-7852-3851,I:20,I:21,I:22,I:23,I:24,I:25,I:26,I:27,I:28,I:29,I:30,I:31},
 doi={10.1038/modpathol.2012.37},
 url={https://w3id.org/oc/corpus/br/2864919},
 topics={},
 year={2012},
 source={OpenCitations}
}

@article{10.1097/pas.0b013e31826399d8,
 author={Balci Serdar and Adsay N. Volkan and Ohike Nobuyuki and Tajiri Takuma and Kim Grace E. and Krasinskas Alyssa M and Bagci Pelin and Basturk Olca and Bandyopadhyay Sudeshna and Jang Kee-Taek and Kooby David A. and Maithel Shishir K. and Sarmiento Juan and Staley Christopher A and Gonzalez Raul S. and Kong So Yeon and Goodman Michael},
 title={Ampullary Region Carcinomas},
 authordata={O:0000-0002-7852-3851,I:35,I:101,I:4,I:39,I:40,I:3,I:8,I:43,I:9,I:107,I:109,I:47,I:70,I:7,I:50,I:51},
 doi={10.1097/pas.0b013e31826399d8},
 url={https://w3id.org/oc/corpus/br/3959236},
 topics={},
 year={2012},
 source={OpenCitations}
}

@article{10.1309/ajcp0fkdp7envkev,
 author={Balci Serdar and Reid Michelle M and Saka Burcu and Goldblum A. S. and Adsay N. Volkan},
 title={Molecular Genetics of Pancreatic Neoplasms and Their Morphologic Correlates: An Update on Recent Advances and Potential Diagnostic Applications},
 authordata={O:0000-0002-7852-3851,I:32,I:33,I:34,I:35},
 doi={10.1309/ajcp0fkdp7envkev},
 url={https://w3id.org/oc/corpus/br/4388270},
 topics={},
 year={2014},
 source={OpenCitations}
}

@article{10.1007/s12022-013-9295-2,
 author={Balci Serdar and Reid Michelle M and Saka Burcu and Adsay N. Volkan},
 title={Neuroendocrine Tumors of the Pancreas: Current Concepts and Controversies},
 authordata={O:0000-0002-7852-3851,I:32,I:33,I:35},
 doi={10.1007/s12022-013-9295-2},
 url={https://w3id.org/oc/corpus/br/7018903},
 topics={},
 year={2014},
 source={OpenCitations}
}

@article{10.1016/j.ijrobp.2014.11.004,
 author={Fisher S. B. and Balci Serdar and Colbert Lauren E. and Saka Burcu and Chen Zhengjia and Kim Sungjin and El-Rayes Bassel F. and Adsay N. Volkan and Maithel Shishir K. and Landry Jerome C. and Curran Walter J.},
 title={High Nuclear Hypoxia-Inducible Factor 1 Alpha Expression Is a Predictor of Distant Recurrence in Patients With Resected Pancreatic Adenocarcinoma},
 authordata={O:0000-0002-6881-2633,O:0000-0002-7852-3851,I:11,I:33,I:13,I:14,I:69,I:35,I:109,I:18,I:19},
 doi={10.1016/j.ijrobp.2014.11.004},
 url={https://w3id.org/oc/corpus/br/5793287},
 topics={},
 year={2015},
 source={OpenCitations}
}

@article{10.3171/2011.5.spine10303,
 author={Aghayev Kamran and Bal Ercan and Rahimli Tural and Mut Melike and Balci Serdar and Vrionis Frank and Akalan Nejat},
 title={Expression of water channel aquaporin-4 during experimental syringomyelia},
 authordata={I:130,I:131,I:132,I:133,O:0000-0002-7852-3851,I:135,I:136},
 abstract={<jats:sec>
<jats:title>Object</jats:title>
<jats:p>Aquaporins (aqp) are protein channels providing water transport across cell membranes. The main member of this family expressed in the CNS is aqp-4. The pattern and amount of expression of this channel suggest a dominant role in bulk water movement into the nervous tissue. It has also been shown to play a role in several water balance disorders in the CNS. In this study, the authors investigated the possible role of aqp-4 in syringomyelia.</jats:p></jats:sec>
<jats:sec>
<jats:title>Methods</jats:title>
<jats:p>Twenty-five male Wistar-Hannover rats were divided into experimental (20 rats) and control (5 rats) groups. Syringomyelia was induced in the experimental group by kaolin injection into the cisterna magna. Eight weeks later, the animals were killed, and their spinal cords were removed. Central canal dilations were noted in all experimental animals. Immunohistochemistry and Western blot analysis were performed to evaluate aqp-4 expression.</jats:p></jats:sec>
<jats:sec>
<jats:title>Results</jats:title>
<jats:p>Both groups demonstrated positive immunoreactive signals to aqp-4. Western blot analysis revealed a slight decrease in the mean aqp-4 value in the experimental group; however, the difference did not reach statistical significance (p &gt; 0.05). Immunohistochemical analysis showed a similar pattern and intensity of aqp-4 staining in both groups.</jats:p></jats:sec>
<jats:sec>
<jats:title>Conclusions</jats:title>
<jats:p>The results of this study indicate that aqp-4 most likely does not play a major role in chronic syringomyelia. Its slight downregulation during the initial stage of syrinx formation is possibly a compensatory mechanism. This effect is not present during the late stage of syringomyelia, and aqp-4 is most likely not involved in the pathophysiology of syrinx cavity formation.</jats:p></jats:sec>},
 doi={10.3171/2011.5.spine10303},
 url={http://dx.doi.org/10.3171/2011.5.spine10303},
 month={10},
 issn={1547-5654},
 topics={},
 year={2011},
 source={CrossRef}
}

@article{10.1007/s00701-011-1241-9,
 author={Aghayev Kamran and Bal Ercan and Rahimli Tural and Mut Melike and Balci Serdar and Vrionis Frank and Akalan Nejat},
 title={Aquaporin-4 expression is not elevated in mild hydrocephalus},
 authordata={I:130,I:131,I:132,I:133,O:0000-0002-7852-3851,I:135,I:136},
 doi={10.1007/s00701-011-1241-9},
 url={http://dx.doi.org/10.1007/s00701-011-1241-9},
 month={12},
 issn={0001-6268,0942-0940},
 topics={},
 year={2011},
 source={CrossRef}
}

@article{10.3109/0886022x.2012.745115,
 author={Altunoğlu Alpaslan and Erten Şükran and Canoz Mujdat Batur and Yuksel Aydan and Ceylan Gulay Gulec and Balci Serdar and Dogan Hayriye Tatli},
 title={Phenotype 2 Familial Mediterranean Fever: Evaluation of 22 Case Series and Review of the Literature on Phenotype 2 FMF},
 authordata={I:188,I:189,I:190,I:191,I:192,O:0000-0002-7852-3851,I:193},
 doi={10.3109/0886022x.2012.745115},
 url={http://dx.doi.org/10.3109/0886022x.2012.745115},
 month={12},
 issn={0886-022X,1525-6049},
 topics={},
 year={2012},
 source={CrossRef}
}

@article{10.2214/ajr.12.9139,
 author={Tan Sinan and Özcan Muhammed Fuat and Tezcan Fatih and Balci Serdar and Karaoğlanoğlu Mustafa and Huddam Bülent and Arslan Halil},
 title={Real-Time Elastography for Distinguishing Angiomyolipoma From Renal Cell Carcinoma: Preliminary Observations},
 authordata={I:181,I:182,I:183,O:0000-0002-7852-3851,I:185,I:186,I:187},
 doi={10.2214/ajr.12.9139},
 url={http://dx.doi.org/10.2214/ajr.12.9139},
 month={4},
 issn={0361-803X,1546-3141},
 topics={},
 year={2013},
 source={CrossRef}
}

@article{10.1097/coc.0b013e3182467efa,
 author={Varan Ali and Batu Abduselam and Cila Ayşenur and Soylemezoğlu Figen and Balci Serdar and Akalan Nejat and Zorlu Faruk and Akyüz Canan and Kutluk Tezer and Büyükpamukçu Münevver},
 title={Optic Glioma in Children},
 authordata={I:194,I:195,I:196,I:197,O:0000-0002-7852-3851,I:136,I:200,I:201,I:202,I:203},
 doi={10.1097/coc.0b013e3182467efa},
 url={http://dx.doi.org/10.1097/coc.0b013e3182467efa},
 month={6},
 issn={0277-3732},
 topics={},
 year={2013},
 source={CrossRef}
}

@article{10.1038/modpathol.2015.61,
 author={Schlitter Anna Melissa and Jang Kee-Taek and Klöppel Günter and Saka Burcu and Hong Seung-Mo and Choi Hyejeong and Offerhaus George Johan and Hruban Ralph H and Zen Yoh and Konukiewitz Björn and Regel Ivonne and Allgäuer Michael and Balci Serdar and Basturk Olca and Reid Michelle M and Esposito Irene and Adsay N. Volkan},
 title={Intraductal tubulopapillary neoplasms of the bile ducts: clinicopathologic, immunohistochemical, and molecular analysis of 20 cases},
 authordata={I:78,I:9,I:80,I:33,O:0000-0002-8888-6007,I:65,I:84,I:85,I:86,I:87,I:88,I:89,O:0000-0002-7852-3851,I:8,I:32,I:92,I:35},
 doi={10.1038/modpathol.2015.61},
 url={http://dx.doi.org/10.1038/modpathol.2015.61},
 month={6},
 issn={0893-3952,1530-0285},
 topics={},
 year={2015},
 source={CrossRef}
}

@article{10.1038/modpathol.2016.105,
 author={Reid Michelle M and Basturk Olca and Shaib Walid L and Xue Yue and Balci Serdar and Choi Hyejeong and Akkas Gizem and Memis Bahar and Robinson Brian S and El-Rayes Bassel F. and Staley Christopher A and Winer Joshua H and Russell Maria C and Knight Jessica H and Goodman Michael and Krasinskas Alyssa M and Adsay N. Volkan},
 title={Adenocarcinoma ex-goblet cell carcinoid (appendiceal-type crypt cell adenocarcinoma) is a morphologically distinct entity with highly aggressive behavior and frequent association with peritoneal/intra-abdominal dissemination: an analysis of 77 cases},
 authordata={I:32,I:8,I:106,I:64,O:0000-0002-7852-3851,I:65,I:66,I:67,I:68,I:69,I:70,I:72,I:73,I:74,I:51,I:40,I:35},
 doi={10.1038/modpathol.2016.105},
 url={http://dx.doi.org/10.1038/modpathol.2016.105},
 month={6},
 issn={0893-3952,1530-0285},
 topics={},
 year={2016},
 source={CrossRef}
}

@article{10.1038/modpathol.2016.174,
 author={Xue Yue and Vanoli Alessandro and Balci Serdar and Reid Michelle M and Saka Burcu and Bagci Pelin and Memis Bahar and Choi Hyejeong and Ohike Nobuyuki and Tajiri Takuma and Muraki Takashi and Quigley Brian and El-Rayes Bassel F. and Shaib Walid L and Kooby David A. and Sarmiento Juan and Maithel Shishir K. and Knight Jessica H and Goodman Michael and Krasinskas Alyssa M and Adsay N. Volkan},
 title={Non-ampullary–duodenal carcinomas: clinicopathologic analysis of 47 cases and comparison with ampullary and pancreatic adenocarcinomas},
 authordata={I:64,I:95,O:0000-0002-7852-3851,I:32,I:33,I:3,I:67,I:65,I:101,I:4,I:103,I:104,I:69,I:106,I:107,I:47,I:109,I:74,I:51,I:40,I:35},
 doi={10.1038/modpathol.2016.174},
 url={http://dx.doi.org/10.1038/modpathol.2016.174},
 month={10},
 issn={0893-3952,1530-0285},
 topics={},
 year={2016},
 source={CrossRef}
}

